@article{hotelling1929,
	title={Stability in Competition},
	author={Hotelling, Harold},
	journal={The Economic Journal},
	volume={39},
	number={153},
	pages={41--57},
	year={1929}
}
@incollection{schofield1998germany,
	title={Multiparty electoral competition in the Netherlands and Germany: A model based on multinomial probit},
	author={Schofield, Normal and Martin, Andrew D and Quinn, Kevin M and Whitford, Andrew B},
	booktitle={Empirical Studies in Comparative Politics},
	pages={39--75},
	year={1998},
	publisher={Springer}
}
@article{aspremont1979,
	title={On Hotelling's" Stability in competition"},
	author={d'Aspremont, Claude and Gabszewicz, J Jaskold and Thisse, J-F},
	journal={Econometrica: Journal of the Econometric Society},
	pages={1145--1150},
	year={1979},
	publisher={JSTOR}
}
@article{marchi2014ABMs,
	title={Agent-based models},
	author={De Marchi, Scott and Page, Scott E},
	journal={Annual Review of political science},
	volume={17},
	pages={1--20},
	year={2014},
	publisher={Annual Reviews}
}
@article{laver2007endogenousParties,
	title={Spatial models of political competition with endogenous political parties},
	author={Laver, Michael and Schilperoord, Michel},
	journal={Philosophical Transactions of the Royal Society B: Biological Sciences},
	volume={362},
	number={1485},
	pages={1711--1721},
	year={2007},
	publisher={The Royal Society London}
}

